<?xml version="1.0" encoding="UTF-8"?><record xmlns="http://www.loc.gov/MARC21/slim" xmlns:cinclude="http://apache.org/cocoon/include/1.0" xmlns:zs="http://www.loc.gov/zing/srw/">
  <leader>01671nz  a2200253n  4500</leader>
  <controlfield tag="001">no2015116607</controlfield>
  <controlfield tag="003">DLC</controlfield>
  <controlfield tag="005">20150902073602.0</controlfield>
  <controlfield tag="008">150901n| azannaabn          |n aaa     c</controlfield>
  <datafield tag="010" ind1=" " ind2=" ">
    <subfield code="a">no2015116607</subfield>
  </datafield>
  <datafield tag="035" ind1=" " ind2=" ">
    <subfield code="a">(OCoLC)oca10258088</subfield>
  </datafield>
  <datafield tag="040" ind1=" " ind2=" ">
    <subfield code="a">ScU</subfield>
    <subfield code="b">eng</subfield>
    <subfield code="e">rda</subfield>
    <subfield code="c">ScU</subfield>
  </datafield>
  <datafield tag="100" ind1="1" ind2=" ">
    <subfield code="a">Lockaby, Eric</subfield>
  </datafield>
  <datafield tag="372" ind1=" " ind2=" ">
    <subfield code="a">Creative writing</subfield>
    <subfield code="2">lcsh</subfield>
  </datafield>
  <datafield tag="373" ind1=" " ind2=" ">
    <subfield code="a">University of South Carolina</subfield>
    <subfield code="2">naf</subfield>
  </datafield>
  <datafield tag="373" ind1=" " ind2=" ">
    <subfield code="a">Georgia Gwinnett College</subfield>
  </datafield>
  <datafield tag="373" ind1=" " ind2=" ">
    <subfield code="a">Georgia College &amp; State University</subfield>
    <subfield code="2">naf</subfield>
  </datafield>
  <datafield tag="374" ind1=" " ind2=" ">
    <subfield code="a">College teachers</subfield>
    <subfield code="2">lcsh</subfield>
  </datafield>
  <datafield tag="375" ind1=" " ind2=" ">
    <subfield code="a">male</subfield>
  </datafield>
  <datafield tag="377" ind1=" " ind2=" ">
    <subfield code="a">eng</subfield>
  </datafield>
  <datafield tag="670" ind1=" " ind2=" ">
    <subfield code="a">Kickaround Nixon (and other stories), 2010:</subfield>
    <subfield code="b">t.p. (Eric Lockaby ; Master of Fine Arts in Creative Writing, College of Arts and Sciences, University of South Carolina ; Bachelor of Arts, Georgia College &amp; State University, 2006)</subfield>
  </datafield>
  <datafield tag="670" ind1=" " ind2=" ">
    <subfield code="a">Georgia Gwinnett College webpage, July 20, 2015</subfield>
    <subfield code="b">(Mr. Eric Lockaby, Part-time Instructor of English ; Biography: Eric Lockaby is a pretty swell guy who writes things that no one wants to read, such as Kickaround Nixon, a novel about Moby-Dick and Pac-man, and Your Homosexual Lover is in Another Castle, an interview series with indie developer Jeffrey Auburn. He likes to teach ; Education: Master's in Fine Art - fiction - The University of South Carolina ; Bachelor's - English, creative writing - Georgia College &amp; State University)</subfield>
    <subfield code="u">http://www.ggc.edu/about-ggc/directory/eric-lockaby</subfield>
  </datafield>
  <datafield tag="670" ind1=" " ind2=" ">
    <subfield code="a">Rate My Professors webpage, July 20, 2015</subfield>
    <subfield code="b">(Eric Lockaby, Professor in the English department at University of South Carolina, Columbia, SC)</subfield>
    <subfield code="u">http://www.ratemyprofessors.com/ShowRatings.jsp?tid=1270566</subfield>
  </datafield>
  <datafield tag="670" ind1=" " ind2=" ">
    <subfield code="a">OCLC, July 20, 2015</subfield>
    <subfield code="b">(hdg.: Lockaby, Eric)</subfield>
  </datafield>
</record>